@article{CN2018,
journal = {Under Review},
author = {Zhu, Zining and Novikova, Jekaterina and Rudzicz, Frank},
title = {{Detecting cognitive impairments by agreeing on interpretations on linguistic features}},
year = {2018}
}